<?xml version="1.0" encoding="UTF-8"?><collection xmlns="http://www.loc.gov/MARC21/slim"><record><leader>00456nam--2200133-i-4500</leader><controlfield tag="001">000001785</controlfield><controlfield tag="002">20161230</controlfield><controlfield tag="005">20161230201024</controlfield><controlfield tag="008">060222s1000------------r-----000-0-eng-d</controlfield><datafield ind1=" " ind2=" " tag="100"><subfield code="a">Gloyna, Earnest F., Shih, Chia Shun</subfield></datafield><datafield ind1=" " ind2=" " tag="245"><subfield code="a">Radioactivity transport in water.mathematical model for the transport of radionuclides</subfield></datafield><datafield ind1=" " ind2=" " tag="260"><subfield code="a">Washington, Center For Research In Water Resources, 1967. Xxi + 179 P</subfield></datafield><datafield ind1=" " ind2=" " tag="490"><subfield code="a">Technical Report 12:Crwr-18</subfield></datafield><datafield ind1=" " ind2=" " tag="852"><subfield code="a">30204</subfield></datafield></record></collection>